<?xml version="1.0" encoding="UTF-8"?><collection xmlns="http://www.loc.gov/MARC21/slim"><record><leader>00426nam--2200169-i-4500</leader><controlfield tag="001">000019649</controlfield><controlfield tag="002">20161230</controlfield><controlfield tag="005">20161230201033</controlfield><controlfield tag="008">060222s1000------------r-----000-0-eng-d</controlfield><datafield ind1=" " ind2=" " tag="040"><subfield code="a">IFIN-HH</subfield></datafield><datafield ind1=" " ind2=" " tag="080"><subfield code="a">539.1</subfield></datafield><datafield ind1="1" ind2=" " tag="100"><subfield code="a">Feather, N</subfield></datafield><datafield ind1="1" ind2="0" tag="245"><subfield code="a">An introduction to nuclear physics</subfield><subfield code="c">N. feather</subfield></datafield><datafield ind1=" " ind2=" " tag="260"><subfield code="a">Cambridge</subfield><subfield code="b">University Press</subfield><subfield code="c">1948</subfield></datafield><datafield ind1=" " ind2=" " tag="300"><subfield code="a">X + 212 P</subfield></datafield><datafield ind1=" " ind2=" " tag="852"><subfield code="a">10064</subfield><subfield code="c">H.H</subfield></datafield><datafield ind1=" " ind2=" " tag="CAT"><subfield code="a">Sys</subfield><subfield code="c">20130327</subfield><subfield code="h">143546</subfield></datafield></record></collection>